<?xml version="1.0" encoding="UTF-8"?><collection xmlns="http://www.loc.gov/MARC21/slim"><record><leader>00332nam--2200133-i-4500</leader><controlfield tag="001">000038002</controlfield><controlfield tag="002">20161230</controlfield><controlfield tag="005">20161230201041</controlfield><controlfield tag="008">060222s1000------------r-----000-0-eng-d</controlfield><datafield ind1=" " ind2=" " tag="080"><subfield code="a">615.849:621.039.83</subfield></datafield><datafield ind1=" " ind2=" " tag="100"><subfield code="a">Raju,M.R</subfield></datafield><datafield ind1=" " ind2=" " tag="245"><subfield code="a">Heavy particle radiiotherapy</subfield></datafield><datafield ind1=" " ind2=" " tag="260"><subfield code="a">New York, Academic Press, 1980. X+500 P</subfield></datafield><datafield ind1=" " ind2=" " tag="852"><subfield code="a">49122</subfield></datafield></record></collection>